%%%Intro
@article{russell2002artificial,
  title={Artificial intelligence: a modern approach},
  author={Russell, Stuart and Norvig, Peter},
  year={2002}
}
@article{wen2005promoting,
  title={Promoting active transport in a workplace setting: evaluation of a pilot study in Australia},
  author={Wen, Li Ming and Orr, Neil and Bindon, Jeni and Rissel, Chris},
  journal={Health promotion international},
  volume={20},
  number={2},
  pages={123--133},
  year={2005},
  publisher={Oxford University Press}
}
@techreport{ryus2014guidebook,
  title={Guidebook on pedestrian and bicycle volume data collection},
  author={Ryus, Paul and Ferguson, Erin and Laustsen, Kelly M and Schneider, Robert J and Proulx, Frank R and Hull, Tony and Miranda-Moreno, Luis and others},
  year={2014},
  institution={Institute of Transportation Studies, UC Berkeley}
}
@article{lee2017emerging,
  title={Emerging Data Mining for Pedestrian and Bicyclist Monitoring: A Literature Review Report},
  author={Lee, Kyuhyun and Sener, Ipek N},
  journal={Safety through Disruption (Safe-D) National University Transportation Center (UTC) Program},
  year={2017}
}
@article{talaat2008simple,
  title={Simple mixed reality infrastructure for experimental analysis of route choice behavior: Applications of intelligent transportation systems},
  author={Talaat, Hoda and Masoud, Mohamed and Abdulhai, Baher},
  journal={Transportation research record},
  volume={2086},
  number={1},
  pages={72--80},
  year={2008},
  publisher={SAGE Publications Sage CA: Los Angeles, CA}
}

@inproceedings{kinateder2014virtual,
  title={Virtual reality for fire evacuation research},
  author={Kinateder, Max and Ronchi, Enrico and Nilsson, Daniel and Kobes, Margrethe and M{\"u}ller, Mathias and Pauli, Paul and M{\"u}hlberger, Andreas},
  booktitle={2014 Federated Conference on Computer Science and Information Systems},
  pages={313--321},
  year={2014},
  organization={IEEE}
}
@inproceedings{song2018external,
  title={External HMIs and their effect on the interaction between pedestrians and automated vehicles},
  author={Song, Ye Eun and Lehsing, Christian and Fuest, Tanja and Bengler, Klaus},
  booktitle={International Conference on Intelligent Human Systems Integration},
  pages={13--18},
  year={2018},
  organization={Springer}
}
@article{bricka2006comparative,
  title={Comparative analysis of Global Positioning System--based and travel survey--based data},
  author={Bricka, Stacey and Bhat, Chandra R},
  journal={Transportation Research Record},
  volume={1972},
  number={1},
  pages={9--20},
  year={2006},
  publisher={SAGE Publications Sage CA: Los Angeles, CA}
}
@article{ogle2005georgia,
  title={Georgia's commute Atlanta value pricing program: recruitment methods and travel diary response rates},
  author={Ogle, Jennifer and Guensler, Randall and Elango, Vetri},
  journal={Transportation research record},
  volume={1931},
  number={1},
  pages={28--37},
  year={2005},
  publisher={SAGE Publications Sage CA: Los Angeles, CA}
}
@article{huang2019transport,
  title={Transport mode detection based on mobile phone network data: A systematic review},
  author={Huang, Haosheng and Cheng, Yi and Weibel, Robert},
  journal={Transportation Research Part C: Emerging Technologies},
  volume={101},
  pages={297--312},
  year={2019},
  publisher={Elsevier}
}
@inproceedings{kalatian2016travel,
  title={Travel mode detection exploiting cellular network data},
  author={Kalatian, Arash and Shafahi, Yousef},
  booktitle={MATEC Web of Conferences},
  volume={81},
  pages={03008},
  year={2016},
  organization={EDP Sciences}
}

@techreport{bierlaire2003behavioral,
  title={Behavioral dynamics for pedestrians},
  author={Bierlaire, Michel and Antonini, Gianluca and Weber, Mats},
  year={2003},
  institution={IEEE}
}
@article{wardman1988comparison,
  title={A comparison of revealed preference and stated preference models of travel behaviour},
  author={Wardman, Mark},
  journal={Journal of transport economics and policy},
  pages={71--91},
  year={1988},
  publisher={JSTOR}
}

@article{danalet2014bayesian,
  title={A Bayesian approach to detect pedestrian destination-sequences from WiFi signatures},
  author={Danalet, Antonin and Farooq, Bilal and Bierlaire, Michel},
  journal={Transportation Research Part C: Emerging Technologies},
  volume={44},
  pages={146--170},
  year={2014},
  publisher={Elsevier}
}

@article{henderson1974fluid,
  title={On the fluid mechanics of human crowd motion},
  author={Henderson, Leroy F},
  journal={Transportation research},
  volume={8},
  number={6},
  pages={509--515},
  year={1974},
  publisher={Elsevier}
}

@article{helbing1995social,
  title={Social force model for pedestrian dynamics},
  author={Helbing, Dirk and Molnar, Peter},
  journal={Physical review E},
  volume={51},
  number={5},
  pages={4282},
  year={1995},
  publisher={APS}
}
@article{millard2018pedestrians,
  title={Pedestrians, autonomous vehicles, and cities},
  author={Millard-Ball, Adam},
  journal={Journal of Planning Education and Research},
  volume={38},
  number={1},
  pages={6--12},
  year={2018},
  publisher={SAGE Publications Sage CA: Los Angeles, CA}
}
@article{ribeiro2016model,
  title={Model-agnostic interpretability of machine learning},
  author={Ribeiro, Marco Tulio and Singh, Sameer and Guestrin, Carlos},
  journal={arXiv preprint arXiv:1606.05386},
  year={2016}
}

@article{helbing1998fluid,
  title={A fluid dynamic model for the movement of pedestrians},
  author={Helbing, Dirk},
  journal={arXiv preprint cond-mat/9805213},
  year={1998}
}

@article{blue2001cellular,
  title={Cellular automata microsimulation for modeling bi-directional pedestrian walkways},
  author={Blue, Victor J and Adler, Jeffrey L},
  journal={Transportation Research Part B: Methodological},
  volume={35},
  number={3},
  pages={293--312},
  year={2001},
  publisher={Elsevier}
}

@article{weifeng2003simulation,
  title={Simulation of bi-direction pedestrian movement using a cellular automata model},
  author={Weifeng, Fang and Lizhong, Yang and Weicheng, Fan},
  journal={Physica A: Statistical Mechanics and its Applications},
  volume={321},
  number={3-4},
  pages={633--640},
  year={2003},
  publisher={Elsevier}
}

@article{yamamoto2007simulation,
  title={Simulation for pedestrian dynamics by real-coded cellular automata (RCA)},
  author={Yamamoto, Kazuhiro and Kokubo, Satoshi and Nishinari, Katsuhiro},
  journal={Physica A: Statistical Mechanics and its Applications},
  volume={379},
  number={2},
  pages={654--660},
  year={2007},
  publisher={Elsevier}
}

@inproceedings{antonini2004simulation,
  title={Simulation of pedestrian behaviour using a discrete choice model calibrated on actual motion data},
  author={Antonini, Gianluca and Bierlaire, Michel and Weber, Mats},
  booktitle={Swiss Transport Research Conference},
  number={EPFL-CONF-217394},
  year={2004}
}

@article{guo2012route,
  title={Route choice in pedestrian evacuation under conditions of good and zero visibility: Experimental and simulation results},
  author={Guo, Ren-Yong and Huang, Hai-Jun and Wong, SC},
  journal={Transportation research part B: methodological},
  volume={46},
  number={6},
  pages={669--686},
  year={2012},
  publisher={Elsevier}
}

@article{asano2010microscopic,
  title={Microscopic pedestrian simulation model combined with a tactical model for route choice behaviour},
  author={Asano, Miho and Iryo, Takamasa and Kuwahara, Masao},
  journal={Transportation Research Part C: Emerging Technologies},
  volume={18},
  number={6},
  pages={842--855},
  year={2010},
  publisher={Elsevier}
}

@article{lewin1951field,
  title={Field theory in social science},
  author={Lewin, Kurt and others},
  year={1951},
  publisher={Harper}
}

@article{helbing2000simulating,
  title={Simulating dynamical features of escape panic},
  author={Helbing, Dirk and Farkas, Ill{\'e}s and Vicsek, Tamas},
  journal={Nature},
  volume={407},
  number={6803},
  pages={487},
  year={2000},
  publisher={Nature Publishing Group}
}

@article{johansson2007specification,
  title={Specification of the social force pedestrian model by evolutionary adjustment to video tracking data},
  author={Johansson, Anders and Helbing, Dirk and Shukla, Pradyumn K},
  journal={Advances in complex systems},
  volume={10},
  number={supp02},
  pages={271--288},
  year={2007},
  publisher={World Scientific}
}

@article{kretz2015social,
  title={The Social Force Model and its Relation to the Kladek Formula},
  author={Kretz, Tobias and Lohmiller, Jochen and Schlaich, Johannes},
  journal={arXiv preprint arXiv:1512.01426},
  year={2015}
}
@article{kretz2017some,
  title={Some Indications on how to Calibrate the Social Force Model of Pedestrian Dynamics},
  author={Kretz, Tobias and Lohmiller, Jochen and Sukennik, Peter},
  journal={arXiv preprint arXiv:1801.00276},
  year={2017}
}
@article{buchmueller2006parameters,
  title={Parameters of pedestrians, pedestrian traffic and walking facilities},
  author={Buchmueller, Stefan and Weidmann, Ulrich},
  journal={IVT Schriftenreihe},
  volume={132},
  year={2006},
  publisher={ETH Zurich}
  }
  
@book{Goodfellow-et-al-2016,
    title={Deep Learning},
    author={Ian Goodfellow and Yoshua Bengio and Aaron Courville},
    publisher={MIT Press},
    note={\url{http://www.deeplearningbook.org}},
    year={2016}
}
@article{angerholzer2017autonomous,
  title={The Autonomous Vehicle Revolution: Fostering Innovation with Smart Regulation},
  author={Angerholzer III, Maxmillian and Mahaffee, Dan and Vale, Madeline and Kitfield, James and Renner, Hurst},
  year={2017}
}
@article{djavadian2020multi,
  title={Multi-Objective Eco-Routing for Dynamic Control of Connected \& Automated Vehicles},
  author={Djavadian, Shadi and Tu, Ran and Farooq, Bilal and Hatzopoulou, Marianne},
  journal={arXiv preprint arXiv:2005.00815},
  year={2020}
}
@article{greenblatt2015autonomous,
  title={Autonomous taxis could greatly reduce greenhouse-gas emissions of US light-duty vehicles},
  author={Greenblatt, Jeffery B and Saxena, Samveg},
  journal={Nature Climate Change},
  volume={5},
  number={9},
  pages={860--863},
  year={2015},
  publisher={Nature Publishing Group}
}
@techreport{wilson1980age,
  title={Age-related differences in the road crossing behaviour of adult pedestrians},
  author={Wilson, David G and Grayson, GB},
  year={1980}
}

@article{dipietro1970pedestrian,
  title={Pedestrian gap-acceptance},
  author={DiPietro, Charles M and King, L Ellis},
  journal={Highway Research Record},
  number={308},
  year={1970}
}
@article{tiwari2007survival,
  title={Survival analysis: Pedestrian risk exposure at signalized intersections},
  author={Tiwari, Geetam and Bangdiwala, Shrikant and Saraswat, Arvind and Gaurav, Sushant},
  journal={Transportation research part F: traffic psychology and behaviour},
  volume={10},
  number={2},
  pages={77--89},
  year={2007},
  publisher={Elsevier}
}

@article{nikolic2016probabilistic,
  title={Probabilistic speed--density relationship for pedestrian traffic},
  author={Nikoli{\'c}, Marija and Bierlaire, Michel and Farooq, Bilal and de Lapparent, Matthieu},
  journal={Transportation Research Part B: Methodological},
  volume={89},
  pages={58--81},
  year={2016},
  publisher={Elsevier}
}
@Inbook{Giannotti2008,
author="Giannotti, F.
and Pedreschi, D.",
editor="Giannotti, Fosca
and Pedreschi, Dino",
title="Mobility, Data Mining and Privacy: A Vision of Convergence",
bookTitle="Mobility, Data Mining and Privacy: Geographic Knowledge Discovery",
year="2008",
publisher="Springer Berlin Heidelberg",
address="Berlin, Heidelberg",
pages="1--11",
isbn="978-3-540-75177-9",
doi="10.1007/978-3-540-75177-9_1",
url="https://doi.org/10.1007/978-3-540-75177-9_1"
}
@article{shen2014review,
  title={Review of GPS travel survey and GPS data-processing methods},
  author={Shen, Li and Stopher, Peter R},
  journal={Transport Reviews},
  volume={34},
  number={3},
  pages={316--334},
  year={2014},
  publisher={Taylor \& Francis}
}

@article{dollar2012pedestrian,
  title={Pedestrian detection: An evaluation of the state of the art},
  author={Dollar, Piotr and Wojek, Christian and Schiele, Bernt and Perona, Pietro},
  journal={IEEE transactions on pattern analysis and machine intelligence},
  volume={34},
  number={4},
  pages={743--761},
  year={2012},
  publisher={IEEE}
}
@inproceedings{chan2008privacy,
  title={Privacy preserving crowd monitoring: Counting people without people models or tracking},
  author={Chan, Antoni B and Liang, Zhang-Sheng John and Vasconcelos, Nuno},
  booktitle={2008 IEEE Conference on Computer Vision and Pattern Recognition},
  pages={1--7},
  year={2008},
  organization={IEEE}
}
@article{cherchi2015workshop,
  title={Workshop synthesis: Stated preference surveys and experimental design, an audit of the journey so far and future research perspectives},
  author={Cherchi, Elisabetta and Hensher, David A},
  journal={Transportation Research Procedia},
  volume={11},
  pages={154--164},
  year={2015},
  publisher={Elsevier}
}
@article{boulesteix2014machine,
  title={Machine learning versus statistical modeling},
  author={Boulesteix, Anne-Laure and Schmid, Matthias},
  journal={Biometrical Journal},
  volume={56},
  number={4},
  pages={588--593},
  year={2014},
  publisher={Wiley Online Library}
}

@inproceedings{wu2005detection,
  title={Detection of multiple, partially occluded humans in a single image by bayesian combination of edgelet part detectors},
  author={Wu, Bo and Nevatia, Ramakant},
  booktitle={Tenth IEEE International Conference on Computer Vision (ICCV'05) Volume 1},
  volume={1},
  pages={90--97},
  year={2005},
  organization={IEEE}
}
@incollection{bauer2009measurement,
  title={Measurement of pedestrian movements: A comparative study on various existing systems},
  author={Bauer, Dietmar and Br{\"a}ndle, Norbert and Seer, Stefan and Ray, Markus and Kitazawa, Kay},
  booktitle={Pedestrian Behavior: Models, Data Collection and Applications},
  pages={325--344},
  year={2009},
  publisher={Emerald Group Publishing Limited}
}

@article{ettehadieh2014automated,
  title={Automated pedestrian data-collection and flow analysis in public spaces},
  author={Ettehadieh, Dariush and Farooq, Bilal and Saunier, Nicolas},
  journal={Transportation Research Procedia},
  volume={2},
  pages={207--212},
  year={2014},
  publisher={Elsevier}
}
@misc{pen,
author={Statista.com},
year={2017},
title = {Number of smartphone users worldwide from 2014 to 2020 (in billions),
webpage : {\url{https://www.statista.com/statistics/330695/number-of-smartphone-users-worldwide/}},
{Accessed: 2017-07-27}}}

@article{thanh2019improving,
  title={Improving generalization and stability of generative adversarial networks},
  author={Thanh-Tung, Hoang and Tran, Truyen and Venkatesh, Svetha},
  journal={arXiv preprint arXiv:1902.03984},
  year={2019}
}


%% WIFI
@article{chen2010evaluating,
  title={Evaluating the feasibility of a passive travel survey collection in a complex urban environment: Lessons learned from the New York City case study},
  author={Chen, Cynthia and Gong, Hongmian and Lawson, Catherine and Bialostozky, Evan},
  journal={Transportation Research Part A: Policy and Practice},
  volume={44},
  number={10},
  pages={830--840},
  year={2010},
  publisher={Elsevier}
}
@article{efthymiou2019transportation,
  title={Transportation Mode Detection from Low-Power Smartphone Sensors Using Tree-Based Ensembles},
  author={Efthymiou, Alexandros and Barmpounakis, Emmanouil N and Efthymiou, Dimitrios and Vlahogianni, Eleni I},
  journal={Journal of Big Data Analytics in Transportation},
  volume={1},
  number={1},
  pages={57--69},
  year={2019},
  publisher={Springer}
}
@article{poucin2018activity,
  title={Activity patterns mining in Wi-Fi access point logs},
  author={Poucin, Guilhem and Farooq, Bilal and Patterson, Zachary},
  journal={Computers, Environment and Urban Systems},
  volume={67},
  pages={55--67},
  year={2018},
  publisher={Elsevier}
}
@article{yazdizadeh2019automated,
  title={An automated approach from GPS traces to complete trip information},
  author={Yazdizadeh, Ali and Patterson, Zachary and Farooq, Bilal},
  journal={International Journal of Transportation Science and Technology},
  volume={8},
  number={1},
  pages={82--100},
  year={2019},
  publisher={Elsevier}
}

@article{yazdizadeh2019ensemble,
  title={Ensemble Convolutional Neural Networks for Mode Inference in Smartphone Travel Survey},
  author={Yazdizadeh, Ali and Patterson, Zachary and Farooq, Bilal},
  journal={IEEE Transactions on Intelligent Transportation Systems},
  year={2019},
  publisher={IEEE}
}

@inproceedings{kalatian2018mobility,
  title={Mobility mode detection using wifi signals},
  author={Kalatian, Arash and Farooq, Bilal},
  booktitle={2018 IEEE International Smart Cities Conference (ISC2)},
  pages={1--7},
  year={2018},
  organization={IEEE}
}

@article{yazdizadeh2019semi,
  title={Semi-supervised GANs to Infer Travel Modes in GPS Trajectories},
  author={Yazdizadeh, Ali and Patterson, Zachary and Farooq, Bilal},
  journal={arXiv preprint arXiv:1902.10768},
  year={2019}
}

@article{maenpaa2017travel,
  title={Travel mode estimation for multi-modal journey planner},
  author={M{\"a}enp{\"a}{\"a}, Heikki and Lobov, Andrei and Lastra, Jose L Martinez},
  journal={Transportation Research Part C: Emerging Technologies},
  volume={82},
  pages={273--289},
  year={2017},
  publisher={Elsevier}
}
@article{bantis2017you,
  title={Who you are is how you travel: A framework for transportation mode detection using individual and environmental characteristics},
  author={Bantis, Thanos and Haworth, James},
  journal={Transportation Research Part C: Emerging Technologies},
  volume={80},
  pages={286--309},
  year={2017},
  publisher={Elsevier}
}

@inproceedings{murakami2004using,
  title={Using global positioning systems and personal digital assistants for personal travel surveys in the United States},
  author={Murakami, Elaine and Wagner, David P and Neumeister, David M},
  booktitle={International Conference on Transport Survey Quality and Innovation},
  year={2004}
}

@article{gong2012gps,
  title={A GPS/GIS method for travel mode detection in New York City},
  author={Gong, Hongmian and Chen, Cynthia and Bialostozky, Evan and Lawson, Catherine T},
  journal={Computers, Environment and Urban Systems},
  volume={36},
  number={2},
  pages={131--139},
  year={2012},
  publisher={Elsevier}
}

@article{stopher2007household,
  title={Household travel surveys: Where are we going?},
  author={Stopher, Peter R and Greaves, Stephen P},
  journal={Transportation Research Part A: Policy and Practice},
  volume={41},
  number={5},
  pages={367--381},
  year={2007},
  publisher={Elsevier}
}
@inproceedings{lee2013pseudo,
  title={Pseudo-label: The simple and efficient semi-supervised learning method for deep neural networks},
  author={Lee, Dong-Hyun},
  booktitle={Workshop on challenges in representation learning, ICML},
  volume={3},
  pages={2},
  year={2013}
}


@inproceedings{blum1998combining,
  title={Combining labeled and unlabeled data with co-training},
  author={Blum, Avrim and Mitchell, Tom},
  booktitle={Proceedings of the eleventh annual conference on Computational learning theory},
  pages={92--100},
  year={1998},
  organization={ACM}
}


@article{reed2014training,
  title={Training deep neural networks on noisy labels with bootstrapping},
  author={Reed, Scott and Lee, Honglak and Anguelov, Dragomir and Szegedy, Christian and Erhan, Dumitru and Rabinovich, Andrew},
  journal={arXiv preprint arXiv:1412.6596},
  year={2014}
}

@article{rolnick2017deep,
  title={Deep learning is robust to massive label noise},
  author={Rolnick, David and Veit, Andreas and Belongie, Serge and Shavit, Nir},
  journal={arXiv preprint arXiv:1705.10694},
  year={2017}
}

@inproceedings{he2016deep,
  title={Deep residual learning for image recognition},
  author={He, Kaiming and Zhang, Xiangyu and Ren, Shaoqing and Sun, Jian},
  booktitle={Proceedings of the IEEE conference on computer vision and pattern recognition},
  pages={770--778},
  year={2016}
}

@inproceedings{srivastava2015training,
  title={Training very deep networks},
  author={Srivastava, Rupesh K and Greff, Klaus and Schmidhuber, J{\"u}rgen},
  booktitle={Advances in neural information processing systems},
  pages={2377--2385},
  year={2015}
}

@inproceedings{farooq2015ubiquitous,
  title={Ubiquitous monitoring of pedestrian dynamics: Exploring wireless ad hoc network of multi-sensor technologies},
  author={Farooq, Bilal and Beaulieu, Alexandra and Ragab, Marwan and Ba, Viet Dang},
  booktitle={SENSORS, 2015 IEEE},
  pages={1--4},
  year={2015},
  organization={IEEE}
}


% WiFi 
@inproceedings{nair2010rectified,
  title={Rectified linear units improve restricted boltzmann machines},
  author={Nair, Vinod and Hinton, Geoffrey E},
  booktitle={Proceedings of the 27th international conference on machine learning (ICML-10)},
  pages={807--814},
  year={2010}
}

@inproceedings{he2016identity,
  title={Identity mappings in deep residual networks},
  author={He, Kaiming and Zhang, Xiangyu and Ren, Shaoqing and Sun, Jian},
  booktitle={European conference on computer vision},
  pages={630--645},
  year={2016},
  organization={Springer}
}

@misc{chollet2015keras,
  title={Keras},
  author={Chollet, Fran\c{c}ois and others},
  year={2015},
  howpublished={\url{https://keras.io}},
}

@misc{tensorflow2015-whitepaper,
title={ {TensorFlow}: Large-Scale Machine Learning on Heterogeneous Systems},
url={https://www.tensorflow.org/},
note={Software available from tensorflow.org},
author={
    Martin~Abadi and
    Ashish~Agarwal and
    Paul~Barham and
    Eugene~Brevdo and
    Zhifeng~Chen and
    Craig~Citro and
    Greg~S.~Corrado and
    Andy~Davis and
    Jeffrey~Dean and
    Matthieu~Devin and
    Sanjay~Ghemawat and
    Ian~Goodfellow and
    Andrew~Harp and
    Geoffrey~Irving and
    Michael~Isard and
    Yangqing Jia and
    Rafal~Jozefowicz and
    Lukasz~Kaiser and
    Manjunath~Kudlur and
    Josh~Levenberg and
    Dandelion~Man\'{e} and
    Rajat~Monga and
    Sherry~Moore and
    Derek~Murray and
    Chris~Olah and
    Mike~Schuster and
    Jonathon~Shlens and
    Benoit~Steiner and
    Ilya~Sutskever and
    Kunal~Talwar and
    Paul~Tucker and
    Vincent~Vanhoucke and
    Vijay~Vasudevan and
    Fernanda~Vi\'{e}gas and
    Oriol~Vinyals and
    Pete~Warden and
    Martin~Wattenberg and
    Martin~Wicke and
    Yuan~Yu and
    Xiaoqiang~Zheng},
  year={2015},
}

@techreport{zhu05survey,
author = "Xiaojin Zhu",
title = "Semi-Supervised Learning Literature Survey",
institution = "Computer Sciences, University of Wisconsin-Madison",
number = "1530",
year = 2005
}

@inproceedings{zheng2008understanding,
  title={Understanding mobility based on GPS data},
  author={Zheng, Yu and Li, Quannan and Chen, Yukun and Xie, Xing and Ma, Wei-Ying},
  booktitle={Proceedings of the 10th international conference on Ubiquitous computing},
  pages={312--321},
  year={2008},
  organization={ACM}
}

@inproceedings{reddy2008determining,
  title={Determining transportation mode on mobile phones},
  author={Reddy, Sasank and Burke, Jeff and Estrin, Deborah and Hansen, Mark and Srivastava, Mani},
  booktitle={Wearable computers, 2008. ISWC 2008. 12th IEEE International symposium on},
  pages={25--28},
  year={2008},
  organization={IEEE}
}

@inproceedings{stenneth2011transportation,
  title={Transportation mode detection using mobile phones and GIS information},
  author={Stenneth, Leon and Wolfson, Ouri and Yu, Philip S and Xu, Bo},
  booktitle={Proceedings of the 19th ACM SIGSPATIAL International Conference on Advances in Geographic Information Systems},
  pages={54--63},
  year={2011},
  organization={ACM}
}

@inproceedings{endo2016deep,
  title={Deep feature extraction from trajectories for transportation mode estimation},
  author={Endo, Yuki and Toda, Hiroyuki and Nishida, Kyosuke and Kawanobe, Akihisa},
  booktitle={Pacific-Asia Conference on Knowledge Discovery and Data Mining},
  pages={54--66},
  year={2016},
  organization={Springer}
}
@article{xiao2017identifying,
  title={Identifying different transportation modes from trajectory data using tree-based ensemble classifiers},
  author={Xiao, Zhibin and Wang, Yang and Fu, Kun and Wu, Fan},
  journal={ISPRS International Journal of Geo-Information},
  volume={6},
  number={2},
  pages={57},
  year={2017},
  publisher={Multidisciplinary Digital Publishing Institute}
}

@article{dabiri2018inferring,
  title={Inferring transportation modes from GPS trajectories using a convolutional neural network},
  author={Dabiri, Sina and Heaslip, Kevin},
  journal={Transportation research part C: emerging technologies},
  volume={86},
  pages={360--371},
  year={2018},
  publisher={Elsevier}
}


@article{sohn2006mobility,
  title={Mobility detection using everyday GSM traces},
  author={Sohn, Timothy and Varshavsky, Alex and LaMarca, Anthony and Chen, Mike and Choudhury, Tanzeem and Smith, Ian and Consolvo, Sunny and Hightower, Jeffrey and Griswold, William and De Lara, Eyal},
  journal={UbiComp 2006: Ubiquitous Computing},
  pages={212--224},
  year={2006},
  publisher={Springer}
}

@inproceedings{wang2010transportation,
  title={Transportation mode inference from anonymized and aggregated mobile phone call detail records},
  author={Wang, Huayong and Calabrese, Francesco and Di Lorenzo, Giusy and Ratti, Carlo},
  booktitle={Intelligent Transportation Systems (ITSC), 2010 13th International IEEE Conference on},
  pages={318--323},
  year={2010},
  organization={IEEE}
}

@inproceedings{mun2008parsimonious,
  title={Parsimonious mobility classification using GSM and WiFi traces},
  author={Mun, M and Estrin, Deborah and Burke, Jeff and Hansen, Mark},
  booktitle={Proceedings of the Fifth Workshop on Embedded Networked Sensors (HotEmNets)},
  year={2008}
}

@article{wang2017detecting,
  title={Detecting transportation modes using deep neural network},
  author={Wang, Hao and Liu, GaoJun and Duan, Jianyong and Zhang, Lei},
  journal={IEICE TRANSACTIONS on Information and Systems},
  volume={100},
  number={5},
  pages={1132--1135},
  year={2017},
  publisher={The Institute of Electronics, Information and Communication Engineers}
}

@article{bhattacharya2014using,
  title={Using unlabeled data in a sparse-coding framework for human activity recognition},
  author={Bhattacharya, Sourav and Nurmi, Petteri and Hammerla, Nils and Pl{\"o}tz, Thomas},
  journal={Pervasive and Mobile Computing},
  volume={15},
  pages={242--262},
  year={2014},
  publisher={Elsevier}
}


@misc{opendata,
    author = "{City of Toronto}",
    title = {{Travel Times - Bluetooth}},
    howpublished = {\url{https://open.toronto.ca/dataset/travel-times-bluetooth/}},
    note = {Online; accessed 01 October 2020} ,
    year=2019,
}

@inproceedings{krumm2004locadio,
  title={LOCADIO: Inferring Motion and Location from Wi-Fi Signal Strengths.},
  author={Krumm, John and Horvitz, Eric},
  booktitle={mobiquitous},
  pages={4--13},
  year={2004}
}

@article{zhu2006semi,
  title={Semi-supervised learning literature survey},
  author={Zhu, Xiaojin},
  journal={Computer Science, University of Wisconsin-Madison},
  volume={2},
  number={3},
  pages={4},
  year={2006}
}

@article{kingma2014adam,
  title={Adam: A method for stochastic optimization},
  author={Kingma, Diederik P and Ba, Jimmy},
  journal={arXiv preprint arXiv:1412.6980},
  year={2014}
}

@article{ioffe2015batch,
  title={Batch normalization: Accelerating deep network training by reducing internal covariate shift},
  author={Ioffe, Sergey and Szegedy, Christian},
  journal={arXiv preprint arXiv:1502.03167},
  year={2015}
}

@article{beaulieu2019,
  title={A Dynamic Mixed Logit Model with Agent Effect for Pedestrian Next Location Choice Using Ubiquitous Wi-Fi Network Data},
  author={Beaulieu, Alexandra and Farooq, Bilal},
  journal={International Journal of Transportation Science and Technology},
  year={2019}
}

@article{srivastava2014dropout,
  title={Dropout: a simple way to prevent neural networks from overfitting},
  author={Srivastava, Nitish and Hinton, Geoffrey and Krizhevsky, Alex and Sutskever, Ilya and Salakhutdinov, Ruslan},
  journal={The Journal of Machine Learning Research},
  volume={15},
  number={1},
  pages={1929--1958},
  year={2014},
  publisher={JMLR. org}
}
@article{dabiri2019semi,
  title={Semi-Supervised Deep Learning Approach for Transportation Mode Identification Using GPS Trajectory Data},
  author={Dabiri, Sina and Lu, Chang-Tien and Heaslip, Kevin and Reddy, Chandan K},
  journal={IEEE Transactions on Knowledge and Data Engineering},
  year={2019},
  publisher={IEEE}
}


% VR distraction
@article{brosseau2013impact,
  title={The impact of waiting time and other factors on dangerous pedestrian crossings and violations at signalized intersections: A case study in Montreal},
  author={Brosseau, Marilyne and Zangenehpour, Sohail and Saunier, Nicolas and Miranda-Moreno, Luis},
  journal={Transportation research part F: traffic psychology and behaviour},
  volume={21},
  pages={159--172},
  year={2013},
  publisher={Elsevier}
}
@article{banducci2016effects,
  title={The effects of cell phone and text message conversations on simulated street crossing},
  author={Banducci, Sarah E and Ward, Nathan and Gaspar, John G and Schab, Kurt R and Crowell, James A and Kaczmarski, Henry and Kramer, Arthur F},
  journal={Human factors},
  volume={58},
  number={1},
  pages={150--162},
  year={2016},
  publisher={SAGE Publications Sage CA: Los Angeles, CA}
}
@article{lin2017impact,
  title={The impact of walking while using a smartphone on pedestrians’ awareness of roadside events},
  author={Lin, Ming-I Brandon and Huang, Yu-Ping},
  journal={Accident Analysis \& Prevention},
  volume={101},
  pages={87--96},
  year={2017},
  publisher={Elsevier}
}
@article{farooq2018virtual,
  title={Virtual immersive reality for stated preference travel behavior experiments: A case study of autonomous vehicles on urban roads},
  author={Farooq, Bilal and Cherchi, Elisabetta and Sobhani, Anae},
  journal={Transportation research record},
  volume={2672},
  number={50},
  pages={35--45},
  year={2018},
  publisher={SAGE Publications Sage CA: Los Angeles, CA}
}

@article{keegan2003modifying,
  title={Modifying pedestrian behaviour},
  author={Keegan, Owen and O’Mahony, Margaret},
  journal={Transportation Research Part A: Policy and Practice},
  volume={37},
  number={10},
  pages={889--901},
  year={2003},
  publisher={Elsevier}
}
@article{li2013model,
  title={A model of pedestrians’ intended waiting times for street crossings at signalized intersections},
  author={Li, Baibing},
  journal={Transportation research part B: methodological},
  volume={51},
  pages={17--28},
  year={2013},
  publisher={Elsevier}
}
@article{o1992effects,
  title={Effects of familiarity and plan complexity on wayfinding in simulated buildings},
  author={O'Neill, Michael J},
  journal={Journal of Environmental Psychology},
  volume={12},
  number={4},
  pages={319--327},
  year={1992},
  publisher={Elsevier}
}
@article{ruddle1997navigating,
  title={Navigating buildings in" desk-top" virtual environments: Experimental investigations using extended navigational experience.},
  author={Ruddle, Roy A and Payne, Stephen J and Jones, Dylan M},
  journal={Journal of Experimental Psychology: Applied},
  volume={3},
  number={2},
  pages={143},
  year={1997},
  publisher={American Psychological Association}
}
@article{sobhani2018impact,
  title={Impact of smartphone distraction on pedestrians’ crossing behaviour: An application of head-mounted immersive virtual reality},
  author={Sobhani, Anae and Farooq, Bilal},
  journal={Transportation research part F: traffic psychology and behaviour},
  volume={58},
  pages={228--241},
  year={2018},
  publisher={Elsevier}
}
@incollection{therneau2000cox,
  title={The Cox model},
  author={Therneau, Terry M and Grambsch, Patricia M},
  booktitle={Modeling survival data: extending the Cox model},
  pages={39--77},
  year={2000},
  publisher={Springer}
}
  @Manual{survival-package,
    title = {A Package for Survival Analysis in R},
    author = {Terry M Therneau},
    year = {2020},
    note = {R package version 3.2-7},
    url = {https://CRAN.R-project.org/package=survival},
  }
  
@article{zaki2016exploring,
  title={Exploring walking gait features for the automated recognition of distracted pedestrians},
  author={Zaki, Mohamed H and Sayed, Tarek},
  journal={IET Intelligent Transport Systems},
  volume={10},
  number={2},
  pages={106--113},
  year={2016},
  publisher={IET}
}
@misc{Canada2005,
    author = "{Transport Canada}",
    title = {{Canadian Motor Vehicle Traffic Collision Statistics: 2005}},
    howpublished = {\url{https://tc.canada.ca/en/canadian-motor-vehicle-traffic-collision-statistics-2010}},
    note = {Online; accessed October 2017} ,
    year=2005,
}
@misc{Canada2010,
    author = "{Transport Canada}",
    title = {{Canadian Motor Vehicle Traffic Collision Statistics: 2010}},
    howpublished = {\url{https://tc.canada.ca/en/canadian-motor-vehicle-traffic-collision-statistics-2005}},
    note = {Online; accessed October 2017} ,
    year=2010,
}
@misc{Canada2015,
    author = "{Transport Canada}",
    title = {{Canadian Motor Vehicle Traffic Collision Statistics: 2015}},
    howpublished = {\url{https://tc.canada.ca/en/canadian-motor-vehicle-traffic-collision-statistics-2015}},
    note = {Online; accessed October 2017} ,
    year=2015,
}

% VR Wait
@misc{blue,
    author = "{National Association of City Transportation Officials}",
    title = {{Blueprint for Autonomous Urbanism}},
    howpublished = {\url{https://nacto.org/publication/bau/blueprint-preview/}},
    note = {Online; accessed 01 October 2017} ,
    year=2017,
}

@article{das2005walk,
  title={Walk or wait? An empirical analysis of street crossing decisions},
  author={Das, Sanghamitra and Manski, Charles F and Manuszak, Mark D},
  journal={Journal of Applied Econometrics},
  volume={20},
  number={4},
  pages={529--548},
  year={2005},
  publisher={Wiley Online Library}
}
@inproceedings{jayaraman2018trust,
  title={Trust in AV: An uncertainty reduction model of AV-pedestrian interactions},
  author={Jayaraman, Suresh Kumaar and Creech, Chandler and Robert Jr, Lionel P and Tilbury, Dawn M and Yang, X Jessie and Pradhan, Anuj K and Tsui, Katherine M},
  booktitle={Companion of the 2018 ACM/IEEE International Conference on Human-Robot Interaction},
  pages={133--134},
  year={2018}
}

@misc{kinaSUR,
    author = {Bloomberg, {Philanthropies} and Aspen, Institute},
    title = {{Barriers to city AV reports}},
    howpublished = {\url{http://avsincities.bloomberg.org/global-atlas/about}},
    note = {Online; accessed 01 October 2017} ,
    year=2017,
}
@article{oxley2005crossing,
  title={Crossing roads safely: an experimental study of age differences in gap selection by pedestrians},
  author={Oxley, Jennifer A and Ihsen, Elfriede and Fildes, Brian N and Charlton, Judith L and Day, Ross H},
  journal={Accident Analysis \& Prevention},
  volume={37},
  number={5},
  pages={962--971},
  year={2005},
  publisher={Elsevier}
}
@article{luck2017deep,
  title={Deep learning for patient-specific kidney graft survival analysis},
  author={Luck, Margaux and Sylvain, Tristan and Cardinal, H{\'e}lo{\"\i}se and Lodi, Andrea and Bengio, Yoshua},
  journal={arXiv preprint arXiv:1705.10245},
  year={2017}
}
@article{mariani1997prognostic,
  title={Prognostic factors for metachronous contralateral breast cancer: a comparison of the linear Cox regression model and its artificial neural network extension},
  author={Mariani, L and Coradini, D and Biganzoli, E and Boracchi, P and Marubini, E and Pilotti, S and Salvadori, B and Silvestrini, R and Veronesi, U and Zucali, R and others},
  journal={Breast cancer research and treatment},
  volume={44},
  number={2},
  pages={167--178},
  year={1997},
  publisher={Springer}
}

@article{animesh2011odyssey,
  title={An odyssey into virtual worlds: exploring the impacts of technological and spatial environments on intention to purchase virtual products},
  author={Animesh, Animesh and Pinsonneault, Alain and Yang, Sung-Byung and Oh, Wonseok},
  journal={Mis Quarterly},
  pages={789--810},
  year={2011},
  publisher={JSTOR}
}
@article{nah2011enhancing,
  title={Enhancing brand equity through flow and telepresence: A comparison of 2D and 3D virtual worlds},
  author={Nah, Fiona Fui-Hoon and Eschenbrenner, Brenda and DeWester, David},
  journal={MIs Quarterly},
  pages={731--747},
  year={2011},
  publisher={JSTOR}
}
@article{faiola2013correlating,
  title={Correlating the effects of flow and telepresence in virtual worlds: Enhancing our understanding of user behavior in game-based learning},
  author={Faiola, Anthony and Newlon, Christine and Pfaff, Mark and Smyslova, Olga},
  journal={Computers in Human Behavior},
  volume={29},
  number={3},
  pages={1113--1121},
  year={2013},
  publisher={Elsevier}
}
@article{jennett2008measuring,
  title={Measuring and defining the experience of immersion in games},
  author={Jennett, Charlene and Cox, Anna L and Cairns, Paul and Dhoparee, Samira and Epps, Andrew and Tijs, Tim and Walton, Alison},
  journal={International journal of human-computer studies},
  volume={66},
  number={9},
  pages={641--661},
  year={2008},
  publisher={Elsevier}
}


@article{kaplan1958nonparametric,
  title={Nonparametric estimation from incomplete observations},
  author={Kaplan, Edward L and Meier, Paul},
  journal={Journal of the American statistical association},
  volume={53},
  number={282},
  pages={457--481},
  year={1958},
  publisher={Taylor \& Francis}
}
@inproceedings{yu2011learning,
  title={Learning patient-specific cancer survival distributions as a sequence of dependent regressors},
  author={Yu, Chun-Nam and Greiner, Russell and Lin, Hsiu-Chin and Baracos, Vickie},
  booktitle={Advances in Neural Information Processing Systems},
  pages={1845--1853},
  year={2011}
}

@incollection{kadali2014evaluation,
  title={Evaluation of pedestrian mid-block road crossing behavior using an artificial neural network (ANN)},
  author={Kadali, B Raghuram and Rathi, Nivedan and Perumal, Vedagiri},
  booktitle={CICTP 2014: Safe, Smart, and Sustainable Multimodal Transportation Systems},
  pages={1911--1922},
  year={2014}
}
@article{wong2020bi,
  title={A bi-partite generative model framework for analyzing and simulating large scale multiple discrete-continuous travel behaviour data},
  author={Wong, Melvin and Farooq, Bilal},
  journal={Transportation Research Part C: Emerging Technologies},
  volume={110},
  pages={247--268},
  year={2020},
  publisher={Elsevier}
}
@inproceedings{kalatian2019deepwait,
  title={DeepWait: Pedestrian Wait Time Estimation in Mixed Traffic Conditions Using Deep Survival Analysis},
  author={Kalatian, Arash and Farooq, Bilal},
  booktitle={2019 IEEE Intelligent Transportation Systems Conference (ITSC)},
  pages={2034--2039},
  year={2019},
  organization={IEEE}
}
@phdthesis{bahrami2019impacts,
  title={Impacts of autonomous vehicles on parking and congestion},
  author={Bahrami, Sina}
}
@article{cavalcante2011bayesian,
  title={Bayesian Approach for Identifying Efficient Stated-Choice Survey Designs with Reduced Prior Information},
  author={Cavalcante, Rinaldo and Roorda, Matthew},
  journal={Transportation Research Record: Journal of the Transportation Research Board},
  number={2246},
  pages={38--46},
  year={2011},
  publisher={Transportation Research Board of the National Academies}
}
@book{atkinson2007optimum,
  title={Optimum experimental designs, with SAS},
  author={Atkinson, Anthony and Donev, Alexander and Tobias, Randall},
  volume={34},
  year={2007},
  publisher={Oxford University Press}
}
@book{ortuzar1994modelling,
  title={Modelling transport},
  author={Ortuzar, J de and Willumsen, Luis G},
  year={1994}
}


@article{rose2009constructing,
  title={Constructing efficient stated choice experimental designs},
  author={Rose, John M and Bliemer, Michiel CJ},
  journal={Transport Reviews},
  volume={29},
  number={5},
  pages={587--617},
  year={2009},
  publisher={Taylor \& Francis}
}
@article{street2005quick,
  title={Quick and easy choice sets: constructing optimal and nearly optimal stated choice experiments},
  author={Street, Deborah J and Burgess, Leonie and Louviere, Jordan J},
  journal={International Journal of Research in Marketing},
  volume={22},
  number={4},
  pages={459--470},
  year={2005},
  publisher={Elsevier}
}
@article{rose2008designing,
  title={Designing efficient stated choice experiments in the presence of reference alternatives},
  author={Rose, John M and Bliemer, Michiel CJ and Hensher, David A and Collins, Andrew T},
  journal={Transportation Research Part B: Methodological},
  volume={42},
  number={4},
  pages={395--406},
  year={2008},
  publisher={Elsevier}
}

@article{schmidt2015optimal,
  title={On optimal designs for censored data},
  author={Schmidt, Dennis and Schwabe, Rainer},
  journal={Metrika},
  volume={78},
  number={3},
  pages={237--257},
  year={2015},
  publisher={Springer}
}


@article{kirkpatrick1983optimization,
  title={Optimization by simulated annealing},
  author={Kirkpatrick, Scott and Gelatt, C Daniel and Vecchi, Mario P},
  journal={science},
  volume={220},
  number={4598},
  pages={671--680},
  year={1983},
  publisher={American Association for the Advancement of Science}
}

@article{hamed2001analysis,
  title={Analysis of pedestrians’ behavior at pedestrian crossings},
  author={Hamed, Mohammed M},
  journal={Safety science},
  volume={38},
  number={1},
  pages={63--82},
  year={2001},
  publisher={Elsevier}
}

@article{wang2011individual,
  title={Individual differences of pedestrian behaviour in midblock crosswalk and intersection},
  author={Wang, Wuhong and Guo, Hongwei and Gao, Ziyou and Bubb, Heiner},
  journal={International Journal of Crashworthiness},
  volume={16},
  number={1},
  pages={1--9},
  year={2011},
  publisher={Taylor \& Francis}
}

@inproceedings{kalatian2018cox,
  title={Analysis of distracted pedestrians’ waiting time: Head-Mounted Immersive Virtual Reality application},
  author={Kalatian, Arash and Sobhani, Anae and Farooq, Bilal},
  booktitle={Proceedings of Pedestrian and Evacuation Dynamics 2018},
  address={Lund, Sweden},
  year={2018}
}
@article{faraggi1995neural,
  title={A neural network model for survival data},
  author={Faraggi, David and Simon, Richard},
  journal={Statistics in medicine},
  volume={14},
  number={1},
  pages={73--82},
  year={1995},
  publisher={Wiley Online Library}
}
@article{katzman2016deep,
  title={Deep survival: A deep cox proportional hazards network},
  author={Katzman, Jared L and Shaham, Uri and Cloninger, Alexander and Bates, Jonathan and Jiang, Tingting and Kluger, Yuval},
  journal={stat},
  volume={1050},
  pages={2},
  year={2016}
}

@article{cox1972regression,
  title={Regression models and life-tables},
  author={Cox, David R},
  journal={Journal of the Royal Statistical Society: Series B (Methodological)},
  volume={34},
  number={2},
  pages={187--202},
  year={1972},
  publisher={Wiley Online Library}
}
@book{therneau2013modeling,
  title={Modeling survival data: extending the Cox model},
  author={Therneau, Terry M and Grambsch, Patricia M},
  year={2013},
  publisher={Springer Science \& Business Media}
}
@article{farooqvire,
  title={Virtual Immersive Reality for Stated Preference Travel Behavior Experiments: A Case Study of Autonomous Vehicles on Urban Roads},
  author={Farooq, Bilal and Cherchi, Elisabetta and Sobhani, Anae},
  journal={Transportation Research Record},
  pages={0361198118776810},
  year={2018},
  publisher={SAGE Publications Sage CA: Los Angeles, CA}
}
@article{kononenko1997overcoming,
  title={Overcoming the myopia of inductive learning algorithms with RELIEFF},
  author={Kononenko, Igor and {\v{S}}imec, Edvard and Robnik-{\v{S}}ikonja, Marko},
  journal={Applied Intelligence},
  volume={7},
  number={1},
  pages={39--55},
  year={1997},
  publisher={Springer}
}
@article{lipton2016mythos,
  title={The mythos of model interpretability},
  author={Lipton, Zachary C},
  journal={arXiv preprint arXiv:1606.03490},
  year={2016}
}
@book{molnar2019interpretable,
  title={Interpretable machine learning},
  author={Molnar, Christoph},
  year={2019},
  publisher={Lulu. com}
}
@article{robnik2003theoretical,
  title={Theoretical and empirical analysis of ReliefF and RReliefF},
  author={Robnik-{\v{S}}ikonja, Marko and Kononenko, Igor},
  journal={Machine learning},
  volume={53},
  number={1-2},
  pages={23--69},
  year={2003},
  publisher={Springer}
}
@incollection{alelyani2018feature,
  title={Feature selection for clustering: A review},
  author={Alelyani, Salem and Tang, Jiliang and Liu, Huan},
  booktitle={Data Clustering},
  pages={29--60},
  year={2018},
  publisher={Chapman and Hall/CRC}
}
@inproceedings{robnik1997adaptation,
  title={An adaptation of Relief for attribute estimation in regression},
  author={Robnik-{\v{S}}ikonja, Marko and Kononenko, Igor},
  booktitle={Machine Learning: Proceedings of the Fourteenth International Conference (ICML’97)},
  volume={5},
  pages={296--304},
  year={1997}
}
@article{friedman2001greedy,
  title={Greedy function approximation: a gradient boosting machine},
  author={Friedman, Jerome H},
  journal={Annals of statistics},
  pages={1189--1232},
  year={2001},
  publisher={JSTOR}
}
@article{goldstein2015peeking,
  title={Peeking inside the black box: Visualizing statistical learning with plots of individual conditional expectation},
  author={Goldstein, Alex and Kapelner, Adam and Bleich, Justin and Pitkin, Emil},
  journal={Journal of Computational and Graphical Statistics},
  volume={24},
  number={1},
  pages={44--65},
  year={2015},
  publisher={Taylor \& Francis}
}
@inproceedings{ribeiro2016should,
  title={Why should i trust you?: Explaining the predictions of any classifier},
  author={Ribeiro, Marco Tulio and Singh, Sameer and Guestrin, Carlos},
  booktitle={Proceedings of the 22nd ACM SIGKDD international conference on knowledge discovery and data mining},
  pages={1135--1144},
  year={2016},
  organization={ACM}
}
@article{fisher2018all,
  title={All models are wrong but many are useful: Variable importance for black-box, proprietary, or misspecified prediction models, using model class reliance},
  author={Fisher, Aaron and Rudin, Cynthia and Dominici, Francesca},
  journal={arXiv preprint arXiv:1801.01489},
  year={2018}
}

@article{vstrumbelj2014explaining,
  title={Explaining prediction models and individual predictions with feature contributions},
  author={{\v{S}}trumbelj, Erik and Kononenko, Igor},
  journal={Knowledge and information systems},
  volume={41},
  number={3},
  pages={647--665},
  year={2014},
  publisher={Springer}
}
@article{hagenauer2017comparative,
  title={A comparative study of machine learning classifiers for modeling travel mode choice},
  author={Hagenauer, Julian and Helbich, Marco},
  journal={Expert Systems with Applications},
  volume={78},
  pages={273--282},
  year={2017},
  publisher={Elsevier}
}
@article{wang2018deep,
  title={Deep Neural Networks for Choice Analysis: Extracting Complete Economic Information for Interpretation},
  author={Wang, Shenhao and Wang, Qingyi and Zhao, Jinhua},
  journal={arXiv preprint arXiv:1812.04528},
  year={2018}
}

@article{das2019interpretable,
  title={Interpretable machine learning approach in estimating traffic volume on low-volume roadways},
  author={Das, Subasish and Tsapakis, Ioannis},
  journal={International Journal of Transportation Science and Technology},
  year={2019},
  publisher={Elsevier}
}
@article{lipovetsky2001analysis,
  title={Analysis of regression in game theory approach},
  author={Lipovetsky, Stan and Conklin, Michael},
  journal={Applied Stochastic Models in Business and Industry},
  volume={17},
  number={4},
  pages={319--330},
  year={2001},
  publisher={Wiley Online Library}
}
@article{bergstra2012random,
  title={Random search for hyper-parameter optimization},
  author={Bergstra, James and Bengio, Yoshua},
  journal={Journal of Machine Learning Research},
  volume={13},
  number={Feb},
  pages={281--305},
  year={2012}
}
@article{de2019external,
  title={External human-machine interfaces on automated vehicles: effects on pedestrian crossing decisions},
  author={De Clercq, Koen and Dietrich, Andre and N{\'u}{\~n}ez Velasco, Juan Pablo and De Winter, Joost and Happee, Riender},
  journal={Human factors},
  volume={61},
  number={8},
  pages={1353--1370},
  year={2019},
  publisher={SAGE Publications Sage CA: Los Angeles, CA}
}

@software{cameron_davidson_pilon_2020_4002777,
  author       = {Cameron Davidson-Pilon and
                  Jonas Kalderstam and
                  Noah Jacobson and
                  sean-reed and
                  Ben Kuhn and
                  Paul Zivich and
                  Mike Williamson and
                  AbdealiJK and
                  Deepyaman Datta and
                  Andrew Fiore-Gartland and
                  Alex Parij and
                  Daniel WIlson and
                  Gabriel and
                  Luis Moneda and
                  Arturo Moncada-Torres and
                  Kyle Stark and
                  Harsh Gadgil and
                  Jona and
                  Karthikeyan Singaravelan and
                  Lilian Besson and
                  Miguel Sancho Peña and
                  Steven Anton and
                  Andreas Klintberg and
                  GrowthJeff and
                  Javad Noorbakhsh and
                  Matthew Begun and
                  Ravin Kumar and
                  Sean Hussey and
                  Dave Golland and
                  jlim13},
  title        = {CamDavidsonPilon/lifelines: v0.25.4},
  month        = aug,
  year         = 2020,
  publisher    = {Zenodo},
  version      = {v0.25.4},
  doi          = {10.5281/zenodo.4002777},
  url          = {https://doi.org/10.5281/zenodo.4002777}
}
@article{kalantarov2018pedestrians,
  title={Pedestrians’ road crossing decisions and body parts’ movements},
  author={Kalantarov, Semyon and Riemer, Raziel and Oron-Gilad, Tal},
  journal={Transportation research part F: traffic psychology and behaviour},
  volume={53},
  pages={155--171},
  year={2018},
  publisher={Elsevier}
}

@article{jayaraman2019pedestrian,
  title={Pedestrian Trust in Automated Vehicles: Role of Traffic Signal and AV Driving Behavior},
  author={Jayaraman, Suresh and Creech, Chandler and Dawn, Tilbury and Yang, X Jessie and Pradhan, Anuj and Tsui, Katherine and Robert, Lionel and others},
  year={2019},
  publisher={Frontiers in Robotics and AI}
}


@inproceedings{bhagavathula2018reality,
  title={The reality of virtual reality: A comparison of pedestrian behavior in real and virtual environments},
  author={Bhagavathula, Rajaram and Williams, Brian and Owens, Justin and Gibbons, Ronald},
  booktitle={Proceedings of the Human Factors and Ergonomics Society Annual Meeting},
  volume={62},
  number={1},
  pages={2056--2060},
  year={2018},
  organization={SAGE Publications Sage CA: Los Angeles, CA}
}
@article{schmidt2009pedestrians,
  title={Pedestrians at the kerb--Recognising the action intentions of humans},
  author={Schmidt, Sarah and Faerber, Berthold},
  journal={Transportation research part F: traffic psychology and behaviour},
  volume={12},
  number={4},
  pages={300--310},
  year={2009},
  publisher={Elsevier}
}
@article{harrell1991factors,
  title={Factors influencing pedestrian cautiousness in crossing streets},
  author={Harrell, W Andrew},
  journal={The Journal of Social Psychology},
  volume={131},
  number={3},
  pages={367--372},
  year={1991},
  publisher={Taylor \& Francis}
}
@article{sun2015estimation,
  title={The estimation of vehicle speed and stopping distance by pedestrians crossing streets in a naturalistic traffic environment},
  author={Sun, Rouxian and Zhuang, Xiangling and Wu, Changxu and Zhao, Guozhen and Zhang, Kan},
  journal={Transportation research part F: traffic psychology and behaviour},
  volume={30},
  pages={97--106},
  year={2015},
  publisher={Elsevier}
}
@article{ishaque2008behavioural,
  title={Behavioural issues in pedestrian speed choice and street crossing behaviour: a review},
  author={Ishaque, Muhammad Moazzam and Noland, Robert B},
  journal={Transport Reviews},
  volume={28},
  number={1},
  pages={61--85},
  year={2008},
  publisher={Taylor \& Francis}
}
@article{deb2017efficacy,
  title={Efficacy of virtual reality in pedestrian safety research},
  author={Deb, Shuchisnigdha and Carruth, Daniel W and Sween, Richard and Strawderman, Lesley and Garrison, Teena M},
  journal={Applied ergonomics},
  volume={65},
  pages={449--460},
  year={2017},
  publisher={Elsevier}
}
@techreport{clamann2017evaluation,
  title={Evaluation of vehicle-to-pedestrian communication displays for autonomous vehicles},
  author={Clamann, Michael and Aubert, Miles and Cummings, Mary L},
  year={2017}
}
@book{deb2017pedestrians,
  title={Pedestrians' Receptivity Toward Fully Autonomous Vehicles},
  author={Deb, Shuchisnigdha},
  year={2017},
  publisher={Mississippi State University}
}
@inproceedings{dey2017impact,
  title={The impact of vehicle appearance and vehicle behavior on pedestrian interaction with autonomous vehicles},
  author={Dey, Debargha and Martens, Marieke and Eggen, Berry and Terken, Jacques},
  booktitle={Proceedings of the 9th International Conference on Automotive User Interfaces and Interactive Vehicular Applications Adjunct},
  pages={158--162},
  year={2017}
}
@article{hulse2018perceptions,
  title={Perceptions of autonomous vehicles: Relationships with road users, risk, gender and age},
  author={Hulse, Lynn M and Xie, Hui and Galea, Edwin R},
  journal={Safety Science},
  volume={102},
  pages={1--13},
  year={2018},
  publisher={Elsevier}
}
@article{pillai2017virtual,
  title={Virtual reality based study to analyse pedestrian attitude towards autonomous vehicles},
  author={Pillai, Anantha and others},
  year={2017}
}
@inproceedings{mahadevan2018communicating,
  title={Communicating awareness and intent in autonomous vehicle-pedestrian interaction},
  author={Mahadevan, Karthik and Somanath, Sowmya and Sharlin, Ehud},
  booktitle={Proceedings of the 2018 CHI Conference on Human Factors in Computing Systems},
  pages={1--12},
  year={2018}
}
@inproceedings{rasouli2017agreeing,
  title={Agreeing to cross: How drivers and pedestrians communicate},
  author={Rasouli, Amir and Kotseruba, Iuliia and Tsotsos, John K},
  booktitle={2017 IEEE Intelligent Vehicles Symposium (IV)},
  pages={264--269},
  year={2017},
  organization={IEEE}
}
@inproceedings{sobhani2017distracted,
  title={Distracted pedestrians crossing behaviour: Application of immersive head mounted virtual reality},
  author={Sobhani, Anae and Farooq, Bilal and Zhong, Zihui},
  booktitle={2017 IEEE 20th International Conference on Intelligent Transportation Systems (ITSC)},
  pages={1--6},
  year={2017},
  organization={IEEE}
}
@article{rasouli2019autonomous,
  title={Autonomous vehicles that interact with pedestrians: A survey of theory and practice},
  author={Rasouli, Amir and Tsotsos, John K},
  journal={IEEE transactions on intelligent transportation systems},
  year={2019},
  publisher={IEEE}
}
@article{holland2007effect,
  title={The effect of age, gender and driver status on pedestrians’ intentions to cross the road in risky situations},
  author={Holland, Carol and Hill, Roslyn},
  journal={Accident Analysis \& Prevention},
  volume={39},
  number={2},
  pages={224--237},
  year={2007},
  publisher={Elsevier}
}
@article{harrell1991precautionary,
  title={Precautionary street crossing by elderly pedestrians},
  author={Harrell, W Andrew},
  journal={The International Journal of Aging and Human Development},
  volume={32},
  number={1},
  pages={65--80},
  year={1991},
  publisher={SAGE Publications Sage CA: Los Angeles, CA}
}
@inproceedings{chang2017eyes,
  title={Eyes on a Car: an Interface Design for Communication between an Autonomous Car and a Pedestrian},
  author={Chang, Chia-Ming and Toda, Koki and Sakamoto, Daisuke and Igarashi, Takeo},
  booktitle={Proceedings of the 9th International Conference on Automotive User Interfaces and Interactive Vehicular Applications},
  pages={65--73},
  year={2017}
}
@article{fridman2017walk,
  title={To walk or not to walk: Crowdsourced assessment of external vehicle-to-pedestrian displays},
  author={Fridman, Lex and Mehler, Bruce and Xia, Lei and Yang, Yangyang and Facusse, Laura Yvonne and Reimer, Bryan},
  journal={arXiv preprint arXiv:1707.02698},
  year={2017}
}
@article{yagil2000beliefs,
  title={Beliefs, motives and situational factors related to pedestrians’ self-reported behavior at signal-controlled crossings},
  author={Yagil, Dana},
  journal={Transportation Research Part F: Traffic Psychology and Behaviour},
  volume={3},
  number={1},
  pages={1--13},
  year={2000},
  publisher={Elsevier}
}
@article{tom2011gender,
  title={Gender differences in pedestrian rule compliance and visual search at signalized and unsignalized crossroads},
  author={Tom, Ariane and Grani{\'e}, Marie-Axelle},
  journal={Accident Analysis \& Prevention},
  volume={43},
  number={5},
  pages={1794--1801},
  year={2011},
  publisher={Elsevier}
}
@inproceedings{sun2003modeling,
  title={Modeling of motorist-pedestrian interaction at uncontrolled mid-block crosswalks},
  author={Sun, Dazhi and Ukkusuri, SVSK and Benekohal, Rahim F and Waller, S Travis},
  booktitle={Transportation Research Record, TRB Annual Meeting CD-ROM, Washington, DC},
  year={2003}
}
@article{konstantinou2014optimal,
  title={Optimal designs for two-parameter nonlinear models with application to survival models},
  author={Konstantinou, Maria and Biedermann, Stefanie and Kimber, Alan},
  journal={Statistica Sinica},
  volume={24},
  number={1},
  pages={415--428},
  year={2014},
  publisher={JSTOR}
}
%%% Traj

@article{hochreiter1997long,
  title={Long short-term memory},
  author={Hochreiter, Sepp and Schmidhuber, J{\"u}rgen},
  journal={Neural computation},
  volume={9},
  number={8},
  pages={1735--1780},
  year={1997},
  publisher={MIT Press}
}


@inproceedings{vasquez2019multi,
  title={Multi-Objective Autonomous Braking System using Naturalistic Dataset},
  author={Vasquez, Rafael and Farooq, Bilal},
  booktitle={2019 IEEE Intelligent Transportation Systems Conference (ITSC)},
  pages={4348--4353},
  year={2019},
  organization={IEEE}
}





@inproceedings{song2016deeptransport,
  title={DeepTransport: Prediction and Simulation of Human Mobility and Transportation Mode at a Citywide Level.},
  author={Song, Xuan and Kanasugi, Hiroshi and Shibasaki, Ryosuke},
  booktitle={IJCAI},
  volume={16},
  pages={2618--2624},
  year={2016}
}
@inproceedings{sahaleh2012scenario,
  title={Scenario analysis of pedestrian flow in public spaces},
  author={Sahaleh, Sohrab and Bierlaire, Michel and Farooq, Bilal and Danalet, Antonin and H{\"a}nseler, Flurin},
  booktitle={12th Swiss Transport Research Conference},
  number={EPFL-CONF-181239},
  year={2012}
}





@inproceedings{lee2017desire,
  title={Desire: Distant future prediction in dynamic scenes with interacting agents},
  author={Lee, Namhoon and Choi, Wongun and Vernaza, Paul and Choy, Christopher B and Torr, Philip HS and Chandraker, Manmohan},
  booktitle={Proceedings of the IEEE Conference on Computer Vision and Pattern Recognition},
  pages={336--345},
  year={2017}
}
@inproceedings{gupta2018social,
  title={Social gan: Socially acceptable trajectories with generative adversarial networks},
  author={Gupta, Agrim and Johnson, Justin and Fei-Fei, Li and Savarese, Silvio and Alahi, Alexandre},
  booktitle={Proceedings of the IEEE Conference on Computer Vision and Pattern Recognition},
  pages={2255--2264},
  year={2018}
}
@inproceedings{alahi2016social,
  title={Social lstm: Human trajectory prediction in crowded spaces},
  author={Alahi, Alexandre and Goel, Kratarth and Ramanathan, Vignesh and Robicquet, Alexandre and Fei-Fei, Li and Savarese, Silvio},
  booktitle={Proceedings of the IEEE conference on computer vision and pattern recognition},
  pages={961--971},
  year={2016}
}

@article{kalatian2020decoding,
  title={Decoding pedestrian and automated vehicle interactions using immersive virtual reality and interpretable deep learning},
  author={Kalatian, Arash and Farooq, Bilal},
  journal={arXiv preprint arXiv:2002.07325},
  year={2020}
}


@misc{uber,
  title = {Self-driving Uber killed a pedestrian as human safety driver watched},
  howpublished = {\url{https://news.vice.com/en_us/article/kzxq3y/self-driving-uber-killed-a-pedestrian-as-human-safety-driver-watched}},
  note = {Accessed: 2020-09-24},
  year = {2018}
}

@misc{ntsb,
  title = {Collision Between Vehicle Controlled by Developmental
Automated Driving System and Pedestrian},
  author = {Sumwalt III, Robert L. and Homendy, Jennifer and Landsberg, Bruce},
  howpublished = {\url{https://www.ntsb.gov/_layouts/NTSB/OpenDocument.aspx?Document_DataId=40479021&FileName=NTSB\%20-\%20Adopted\%20Board\%20Report\%20HAR-19/03-Master.PDF}},
  year = {2018},
  note = {Accessed: 2020-11-05}
}


@misc{vienna,
  title = {Pedestrian collision puts Vienna’s driverless bus trial on hold},
  author = {Porter, Jon},
  howpublished = {\url{https://www.theverge.com/2019/7/19/20700482/navya-self-driving-driverless-bus-vienna-collision-pedestrian}},
  year = {2019},
  note = {Accessed: 2020-09-24}
}


@inproceedings{zhang2019sr,
  title={Sr-lstm: State refinement for lstm towards pedestrian trajectory prediction},
  author={Zhang, Pu and Ouyang, Wanli and Zhang, Pengfei and Xue, Jianru and Zheng, Nanning},
  booktitle={Proceedings of the IEEE Conference on Computer Vision and Pattern Recognition},
  pages={12085--12094},
  year={2019}
}
@inproceedings{xue2019location,
  title={Location-velocity attention for pedestrian trajectory prediction},
  author={Xue, Hao and Huynh, Du and Reynolds, Mark},
  booktitle={2019 IEEE Winter Conference on Applications of Computer Vision (WACV)},
  pages={2038--2047},
  year={2019},
  organization={IEEE}
}
@inproceedings{chandra2019traphic,
  title={Traphic: Trajectory prediction in dense and heterogeneous traffic using weighted interactions},
  author={Chandra, Rohan and Bhattacharya, Uttaran and Bera, Aniket and Manocha, Dinesh},
  booktitle={Proceedings of the IEEE Conference on Computer Vision and Pattern Recognition},
  pages={8483--8492},
  year={2019}
}
@inproceedings{rasouli2019pie,
  title={PIE: A Large-Scale Dataset and Models for Pedestrian Intention Estimation and Trajectory Prediction},
  author={Rasouli, Amir and Kotseruba, Iuliia and Kunic, Toni and Tsotsos, John},
  booktitle={2019 IEEE/CVF International Conference on Computer Vision (ICCV)},
  pages={6261--6270},
  organization={IEEE}
}
@inproceedings{bhattacharyya2018long,
  title={Long-term on-board prediction of people in traffic scenes under uncertainty},
  author={Bhattacharyya, Apratim and Fritz, Mario and Schiele, Bernt},
  booktitle={Proceedings of the IEEE Conference on Computer Vision and Pattern Recognition},
  pages={4194--4202},
  year={2018}
}
@inproceedings{bi2019joint,
  title={Joint Prediction for Kinematic Trajectories in Vehicle-Pedestrian-Mixed Scenes},
  author={Bi, Huikun and Fang, Zhong and Mao, Tianlu and Wang, Zhaoqi and Deng, Zhigang},
  booktitle={Proceedings of the IEEE International Conference on Computer Vision},
  pages={10383--10392},
  year={2019}
}
@inproceedings{robicquet2016learning,
  title={Learning social etiquette: Human trajectory understanding in crowded scenes},
  author={Robicquet, Alexandre and Sadeghian, Amir and Alahi, Alexandre and Savarese, Silvio},
  booktitle={European conference on computer vision},
  pages={549--565},
  year={2016},
  organization={Springer}
}
@article{zhang2019widerperson,
Author = {Zhang, Shifeng and Xie, Yiliang and Wan, Jun and Xia, Hansheng and Li, Stan Z. and Guo, Guodong},
journal = {IEEE Transactions on Multimedia (TMM)},
Title = {WiderPerson: A Diverse Dataset for Dense Pedestrian Detection in the Wild},
Year = {2019}}
@article{kotseruba2016joint,
  title={Joint attention in autonomous driving (JAAD)},
  author={Kotseruba, Iuliia and Rasouli, Amir and Tsotsos, John K},
  journal={arXiv preprint arXiv:1609.04741},
  year={2016}
}
@inproceedings{ dollarCVPR09peds,
       author = "P. Doll\'ar and C. Wojek and B. Schiele and  P. Perona",
       title = "Pedestrian Detection: A Benchmark",
       booktitle = "CVPR",
       year = "2009",
       city = "Miami",
}
@article{gu2020lstm,
  title={An LSTM-Based Autonomous Driving Model Using a Waymo Open Dataset},
  author={Gu, Zhicheng and Li, Zhihao and Di, Xuan and Shi, Rongye},
  journal={Applied Sciences},
  volume={10},
  number={6},
  pages={2046},
  year={2020},
  publisher={Multidisciplinary Digital Publishing Institute}
}
@inproceedings{chang2019argoverse,
  title={Argoverse: 3d tracking and forecasting with rich maps},
  author={Chang, Ming-Fang and Lambert, John and Sangkloy, Patsorn and Singh, Jagjeet and Bak, Slawomir and Hartnett, Andrew and Wang, De and Carr, Peter and Lucey, Simon and Ramanan, Deva and others},
  booktitle={Proceedings of the IEEE Conference on Computer Vision and Pattern Recognition},
  pages={8748--8757},
  year={2019}
}
@article{chandra2020forecasting,
  title={Forecasting trajectory and behavior of road-agents using spectral clustering in graph-lstms},
  author={Chandra, Rohan and Guan, Tianrui and Panuganti, Srujan and Mittal, Trisha and Bhattacharya, Uttaran and Bera, Aniket and Manocha, Dinesh},
  journal={IEEE Robotics and Automation Letters},
  volume={5},
  number={3},
  pages={4882--4890},
  year={2020},
  publisher={IEEE}
}

@inproceedings{porzi2019seamless,
  title={Seamless scene segmentation},
  author={Porzi, Lorenzo and Bulo, Samuel Rota and Colovic, Aleksander and Kontschieder, Peter},
  booktitle={Proceedings of the IEEE Conference on Computer Vision and Pattern Recognition},
  pages={8277--8286},
  year={2019}
}
@ARTICLE{Geiger2013IJRR,
  author = {Andreas Geiger and Philip Lenz and Christoph Stiller and Raquel Urtasun},
  title = {Vision meets Robotics: The KITTI Dataset},
  journal = {International Journal of Robotics Research (IJRR)},
  year = {2013}
}

@article{nuscenes2019,
 title={nuScenes: A multimodal dataset for autonomous driving},
  author={Holger Caesar and Varun Bankiti and Alex H. Lang and Sourabh Vora and 
          Venice Erin Liong and Qiang Xu and Anush Krishnan and Yu Pan and 
          Giancarlo Baldan and Oscar Beijbom}, 
  journal={arXiv preprint arXiv:1903.11027},
  year={2019}
}
@misc{
lyft2019,
title = {Lyft Level 5 Perception Dataset 2020},
author = {Kesten, R. and Usman, M. and Houston, J. and Pandya, T. and Nadhamuni, K. and Ferreira, A. and Yuan, M. and Low, B. and Jain, A. and Ondruska, P. and Omari, S. and Shah, S. and Kulkarni, A. and Kazakova, A. and Tao, C. and Platinsky, L. and Jiang, W. and Shet, V.},
year = {2019},
howpublished = {\url{https://level5.lyft.com/dataset/}}
}
@inproceedings{sun2020scalability,
  title={Scalability in perception for autonomous driving: Waymo open dataset},
  author={Sun, Pei and Kretzschmar, Henrik and Dotiwalla, Xerxes and Chouard, Aurelien and Patnaik, Vijaysai and Tsui, Paul and Guo, James and Zhou, Yin and Chai, Yuning and Caine, Benjamin and others},
  booktitle={Proceedings of the IEEE/CVF Conference on Computer Vision and Pattern Recognition},
  pages={2446--2454},
  year={2020}
}

@article{agarwal2020ford,
  title={Ford Multi-AV Seasonal Dataset},
  author={Agarwal, Siddharth and Vora, Ankit and Pandey, Gaurav and Williams, Wayne and Kourous, Helen and McBride, James},
  journal={arXiv preprint arXiv:2003.07969},
  year={2020}
}
@article{yu2018bdd100k,
  title={Bdd100k: A diverse driving video database with scalable annotation tooling},
  author={Yu, Fisher and Xian, Wenqi and Chen, Yingying and Liu, Fangchen and Liao, Mike and Madhavan, Vashisht and Darrell, Trevor},
  journal={arXiv preprint arXiv:1805.04687},
  volume={2},
  number={5},
  pages={6},
  year={2018},
  publisher={CoRR}
}

@inproceedings{lundberg2017unified,
  title={A unified approach to interpreting model predictions},
  author={Lundberg, Scott M and Lee, Su-In},
  booktitle={Advances in Neural Information Processing Systems},
  pages={4765--4774},
  year={2017}
}






































































